@Article{sulli, 
author={G. Sulligoi and A. Tessarolo and V. Benucci and A. Millerani Trapani and M. Baret and F. Luise}, 
journal={IEEE Industry Applications Magazine}, 
title={Shipboard Power Generation: Design and Development of a Medium-Voltage dc Generation System}, 
year={2013}, 
volume={19}, 
number={4}, 
pages={47-55}, 
keywords={AC-DC power convertors;alternators;choppers (circuits);insulated gate bipolar transistors;rectifiers;ships;12-phase alternator;AC-DC power electronics converter;MVDC IPS;diode rectifiers;generation equipment;insulated gate bipolar transistor choppers;medium-voltage dc integrated power system;shipboard power generation;wound field alternator;Alternators;Converters;DC motors;Insulated gate bipolar transistors;Maritime vehicles;Medium voltage;Power systems;Ships}, 
doi={10.1109/MIAS.2012.2215643}, 
ISSN={1077-2618}, 
month={July},}

@ARTICLE{alb, 
author={Z. Jin and G. Sulligoi and R. Cuzner and L. Meng and J. C. Vasquez and J. M. Guerrero}, 
journal={IEEE Electrification Magazine}, 
title={Next-Generation Shipboard DC Power System: Introduction Smart Grid and dc Microgrid Technologies into Maritime Electrical Netowrks}, 
year={2016}, 
volume={4}, 
number={2}, 
pages={45-57}, 
keywords={distributed power generation;electric vehicles;marine power systems;power generation protection;ships;smart power grids;AES;ESSs;MVdc IPSs;all-electric ship;dc microgrid-based maritime onboard power systems;dc power architecture;hierarchical control;integrated power system;low-voltage dc level;maritime electrical networks;mission-oriented vessels;next-generation shipboard DC power system;objective-oriented coordinated management methods;protective functions;smart grid technology;terrestrial dc microgrids;Circuit faults;Generators;Marine vehicles;Microgrids;Propulsion;Switching circuits}, 
doi={10.1109/MELE.2016.2544203}, 
ISSN={2325-5897}, 
month={June},}

@ARTICLE{ieee, 
journal={IEEE Std 1709-2010}, 
title={IEEE Recommended Practice for 1 kV to 35 kV Medium-Voltage DC Power Systems on Ships}, 
year={2010}, 
pages={1-54}, 
keywords={power electronics;IEEE standard;MVDC electrical power system;interconnection interfaces;medium voltage DC power system;safety procedure;voltage 1 kV to 35 kV;IEEE standards;Integrated systems;Marine transportation;Power electronics;Voltage control;MVDC power electronics;integrated power systems;marine electrical-power systems;medium-voltage DC;power-electronic building blocks}, 
doi={10.1109/IEEESTD.2010.5623440}, 
month={Nov},}

@INPROCEEDINGS{austin, 
author={J. D. Herbst and A. L. Gattozzi and A. Ouroua and F. M. Uriarte}, 
booktitle={2011 IEEE Electric Ship Technologies Symposium}, 
title={Flexible test bed for MVDC and HFAC electric ship power system architectures for Navy ships}, 
year={2011}, 
pages={66-71}, 
keywords={distributed power generation;power system planning;ships;HFAC electric ship power system architectures;MVDC architecture;UT-CEM microgrid;high frequency AC power systems;medium voltage DC power systems;naval power system planning;navy ships;Circuit faults;Computational modeling;Generators;Instruments;Integrated circuit modeling;Load modeling;Power systems}, 
doi={10.1109/ESTS.2011.5770843}, 
month={April},}

@INPROCEEDINGS{usuninavy, 
author={N. N. Schulz and R. E. Hebner and S. Dale and R. Dougal and S. Sudhoff and E. Zivi and C. Chryssostomidis}, 
booktitle={2008 43rd International Universities Power Engineering Conference}, 
title={The U.S. ESRDC advances power system research for shipboard systems}, 
year={2008}, 
pages={1-4}, 
keywords={naval engineering;power supplies to apparatus;research and development;ships;Electric Ship Research and Development Consortium;U.S. ESRDC;U.S. Office of Naval Research;research and development;shipboard power systems;Computerized monitoring;Design automation;Investments;Marine vehicles;Personnel;Power systems;Propulsion;Radar;Research and development;Weapons}, 
doi={10.1109/UPEC.2008.4651686}, 
month={Sept},}

@INPROCEEDINGS{mit, 
author={C. Chryssostomidis and C. M. Cooke}, 
booktitle={2015 IEEE Electric Ship Technologies Symposium (ESTS)}, 
title={Space reservation for shipboard electric power distribution systems}, 
year={2015}, 
pages={187-192}, 
keywords={distribution networks;electric vehicles;marine power systems;mathematical analysis;all-electric modern combatant;mathematical model;set-based design;shipboard electric power distribution systems;space reservation;Geometry;Layout;Marine vehicles;Power cables;Power distribution;Power system reliability;electric ship;power cables;power corridor;power distribution}, 
doi={10.1109/ESTS.2015.7157886}, 
month={June},}

@INPROCEEDINGS{fsu, 
author={M. Andrus and H. Ravindra and J. Hauer and M. Steurer and M. Bosworth and R. Soman}, 
booktitle={2015 IEEE Electric Ship Technologies Symposium (ESTS)}, 
title={PHIL implementation of a MVDC fault management test bed for ship power systems based on megawatt-scale modular multilevel converters}, 
year={2015}, 
pages={337-342}, 
keywords={DC-DC power convertors;marine power systems;power distribution faults;power distribution protection;FSU-CAPS;IPS protection system;MVDC fault management test bed;MVDC integrated power system;PHIL interfaces;RTDS;medium voltage dc integrated power system;megawatt-scale modular multilevel converters;naval surface combatants;power-hardware-in-the-loop interfaces;protection strategies;real-time digital simulator;ship power systems;Circuit faults;Hardware;Impedance;Inductance;Marine vehicles;Power cables;MMC;MVDC;MW;Medium Voltage DC;Modular Multilevel Converter;PHIL;Power Hardware-in-the-Loop;fault;fault management}, 
doi={10.1109/ESTS.2015.7157915}, 
month={June},}

@INPROCEEDINGS{taiwandemo, 
author={T. F. Wu and Y. K. Chen and G. R. Yu and Y. C. Chang}, 
booktitle={8th International Conference on Power Electronics - ECCE Asia}, 
title={Design and development of dc-distributed system with grid connection for residential applications}, 
year={2011}, 
pages={235-241}, 
keywords={domestic appliances;electric generators;energy storage;maximum power point trackers;DC appliance;DC distributed system;DC equipment;MPPT;bidirectional charger;bidirectional discharger;energy storage element;green power generator;grid connection;Batteries;Bidirectional control;Capacitors;Inductance;Inverters;Snubbers;Voltage control;dc-distribution system;grid connection}, 
doi={10.1109/ICPE.2011.5944591}, 
ISSN={2150-6078}, 
month={May},}

@Webpage{	  abb1,
  title		= {Onboard DC Grid - one year in operation},
  publisher	= {ABB},
  address	= {},
  type		= {homepage on the Internet},
  lastchecked	= {2017 Apr 11},
  updated	= {},
  url		= {http://new.abb.com/marine/generations/technology/onboard-dc-grid---one-year-in-operation}
}

@Webpage{	  abb0,
  title		= {Onboard DC Grid - The newest design for marine power and propulsion systems},
  publisher	= {ABB},
  address	= {},
  type		= {homepage on the Internet},
  lastchecked	= {2017 Apr 11},
  updated	= {},
  url		= {https://library.e.abb.com/public/b4f3f099e9d21360c1257a8a003beac2/ABB\%20Generations_20\%20Onboard\%20DC\%20grid.pdf}
}

@INPROCEEDINGS{abbart, 
author={J. F. Hansen and J. O. Lindtjorn and T. A. Myklebust and K. Vanska}, 
booktitle={Proceedings of Marine Technology Society Dynamic Positioning Conference}, 
title={Onboard dc grid for enhanced DP operation in ships}, 
year={2011}, 
}

@INPROCEEDINGS{laurens, 
author={L. Mackay and T. G. Hailu and G. C. Mouli and L. Ram√≠rez-Elizondo and J. A. Ferreira and P. Bauer}, 
booktitle={2015 IEEE Power Energy Society General Meeting}, 
title={From DC nano- and microgrids towards the universal DC distribution system - a plea to think further into the future}, 
year={2015}, 
pages={1-5}, 
keywords={distributed power generation;distribution networks;smart power grids;DC microgrids;DC nanogrids;ac power system;ac smart grid;dc distribution networks;distributed energy resources;universal DC distribution system;Batteries;Conferences;Microgrids;Reliability;Smart grids;Standards}, 
doi={10.1109/PESGM.2015.7286469}, 
ISSN={1932-5517}, 
month={July},}